@inproceedings{mixup18,
  title = {MixUp: Beyond Empirical Risk Minimization},
  author = {Hongyi Zhang and Moustapha Cisse and Yann N. Dauphin and David Lopez-Paz},
  booktitle={International Conference on Learning Representations (ICLR)},
  year = {2018}
}

@inproceedings{l0sparse18,
  title = {Learning Sparse Neural Networks through $L_0$ Regularization},
  author = {Louizos, Christos and Welling, Max and Kingma, Diederik P.},
  booktitle={International Conference on Learning Representations (ICLR)},
  year = {2018}
}

@inproceedings{Yin2019,
  title={ARM: Augment-{REINFORCE}-Merge Gradient for Stochastic Binary Networks},
  author={Mingzhang Yin and Mingyuan Zhou},
  booktitle={International Conference on Learning Representations (ICLR)},
  year={2019}
}

@article{lecun1998gradient,
  title={Gradient-based learning applied to document recognition},
  author={Yann Lecun and L{\'e}on Bottou and Yoshua Bengio and Patrick Haffner and others},
  journal={Proceedings of the IEEE},
  volume={86},
  number={11},
  pages={2278--2324},
  year={1998}
}

@inproceedings{kingma2015variational,
  title={Variational dropout and the local reparameterization trick},
  author={Durk Kingma and Tim Salimans and Max Welling},
  booktitle={Advances in Neural Information Processing Systems (NeurIPS)},
  pages={2575--2583},
  year={2015}
}

@inproceedings{adam2014,
  title={Adam: A method for stochastic optimization},
  author={Diederik Kingma and Jimmy Ba},
  booktitle={International Conference on Learning Representations (ICLR)},  
  year={2015}
}

@INPROCEEDINGS{wideresnet16,
  author = {Sergey Zagoruyko and Nikos Komodakis},
  title = {Wide Residual Networks},
  booktitle = {The British Machine Vision Conference (BMVC)},
  year = {2016}
}
	
@inproceedings{han2015deep,
  title={Deep compression: Compressing deep neural networks with pruning, trained quantization and huffman coding},
  author={Song Han and Huizi Mao and William Dally},
  booktitle={International Conference on Learning Representations (ICLR)},  
  year={2016}
}

@inproceedings{han2015learning,
  title={Learning both weights and connections for efficient neural network},
  author={Han, Song and Pool, Jeff and Tran, John and Dally, William},
  booktitle={Advances in neural information processing systems (NeurIPS)},
  pages={1135--1143},
  year={2015}
}

@INPROCEEDINGS{mnist,
  author = {Yann Lecun and Leon Bottou and Yoshua Bengio and Patrick Haffner},
  title = {Gradient-based learning applied to document recognition},
  booktitle = {Proceedings of the IEEE},
  pages = {2278--2324},
  year = {1998}
}

@TECHREPORT{cifar09,
  author = {Alex Krizhevsky and Geoffrey Hinton},
  title = {Learning multiple layers of features from tiny images},
  year = {2009}
}

@article{svhn11,
  title={Reading Digits in Natural Images with Unsupervised Feature Learning},
  author={Netzer, Yuval and Wang, Tao and Coates, Adam and Bissacco, Alessandro and Wu, Bo and Ng andrew Y},
  publisher={Citeseer},
  year={2011}
}

@inproceedings{lecun1990optimal,
  title={Optimal brain damage},
  author={Yann Lecun and John Denker and Sara Solla},
  booktitle={Advances in neural information processing systems (NeurIPS)},
  pages={598--605},
  year={1990}
}

@article{li2016pruning,
  title={Pruning filters for efficient convnets},
  author={Li, Hao and Kadav, Asim and Durdanovic, Igor and Samet, Hanan and Graf, Hans Peter},
  journal={arXiv preprint arXiv:1608.08710},
  year={2016}
}

@inproceedings{molchanov2017variational,
  title={Variational dropout sparsifies deep neural networks},
  author={Dmitry Molchanov and Arsenii Ashukha and Dmitry Vetrov},
  booktitle={Proceedings of the 34th International Conference on Machine Learning-Volume 70},
  pages={2498--2507},
  year={2017},
  organization={JMLR. org}
}

@inproceedings{louizos2017bayesian,
  title={Bayesian compression for deep learning},
  author={Louizos, Christos and Ullrich, Karen and Welling, Max},
  booktitle={Advances in Neural Information Processing Systems (NeurIPS)},
  pages={3288--3298},
  year={2017}
}

@inproceedings{resnet16,
  author    = {Kaiming He and Xiangyu Zhang and Shaoqing Ren and Jian Sun},
  title     = {Deep Residual Learning for Image Recognition},
  booktitle = {IEEE Conference on Computer Vision and Pattern Recognition (CVPR)},
  pages     = {770--778},
  year      = {2016}
}

@inproceedings{deepfool16,
  title={Deepfool: a simple and accurate method to fool deep neural networks},
  author={Moosavi-Dezfooli, Seyed-Mohsen and Fawzi, Alhussein and Frossard, Pascal},
  booktitle={Proceedings of the IEEE conference on computer vision and pattern recognition (CVPR)},
  pages={2574--2582},
  year={2016}
}

@inproceedings{densenet17,
  author    = {Gao Huang and Zhuang Liu and Laurens van der Maaten and Kilian Q. Weinberger},
  title     = {Densely Connected Convolutional Networks},
  booktitle = {IEEE Conference on Computer Vision and Pattern Recognition (CVPR)},
  year      = {2017}
}

@inproceedings{imagenet09,
  AUTHOR = {Deng, J. and Dong, W. and Socher, R. and Li, L.-J. and Li, K. and Fei-Fei, L.},
  TITLE = {ImageNet: A Large-Scale Hierarchical Image Database},
  BOOKTITLE = {IEEE Conference on Computer Vision and Pattern Recognition (CVPR)},
  YEAR = {2009}
}

@article{bert18,
  title={BERT: Pre-training of Deep Bidirectional Transformers for Language Understanding},
  author={Devlin, Jacob and Chang, Ming-Wei and Lee, Kenton and Toutanova, Kristina},
  journal={arXiv preprint arXiv:1810.04805},
  year={2018}
}


@article{alphago16,
  title	= {Mastering the game of Go with deep neural networks and tree search},
  author = {David Silver and Aja Huang and Christopher J. Maddison and Arthur Guez and Laurent Sifre and George van den Driessche and Julian Schrittwieser and Ioannis Antonoglou and Veda Panneershelvam and Marc Lanctot and Sander Dieleman and Dominik Grewe and John Nham and Nal Kalchbrenner and Ilya Sutskever and Timothy Lillicrap and Madeleine Leach and Koray Kavukcuoglu and Thore Graepel and Demis Hassabis},
  journal	= {Nature},
  pages	= {484--503},
  volume	= {529},
  year	= {2016}
}

@article{SVO18,
  title={Stochastic Variational Optimization},
  author={Thomas Bird and Julius Kunze and David Barber},
  journal={arXiv preprint arXiv:1809.04855},
  year={2018}
}

@article{reinforce92,
  author = {Williams, Ronald J.},
  title = {Simple Statistical Gradient-Following Algorithms for Connectionist Reinforcement Learning},
  journal = {Machine Learning},
  volume = {8},
  number = {3-4},
  pages = {229--256},
  year = {1992}
}

@inproceedings{gumbel-softmax17,
  author    = {Eric Jang and Shixiang Gu and Ben Poole},
  title     = {Categorical Reparameterization with Gumbel-Softmax},
  booktitle = {International Conference on Learning Representations (ICLR)},
  year      = {2017}
}

@inproceedings{concrete17,
  author    = {Chris J. Maddison and Andriy Mnih and Yee Whye Teh},
  title     = {The Concrete Distribution: A Continuous Relaxation of Discrete Random Variables},
  booktitle = {International Conference on Learning Representations (ICLR)},
  year      = {2017}
}

@inproceedings{rebar17,
  author    = {George Tucker and Andriy Mnih and Chris J. Maddison and John Lawson and Jascha Sohl-Dickstein},
  title     = {REBAR: Low-variance, unbiased gradient estimates for discrete latent variable models},
  booktitle = {Advances in Neural Information Processing Systems (NIPS)},
  year      = {2017}
}

@inproceedings{relax18,
  author    = {Will Grathwohl and Dami Choi and Yuhuai Wu and Geoff Roeder and David Duvenaud},
  title     = {Backpropagation through the Void: Optimizing control variates for black-box gradient estimation},
  booktitle = {International Conference on Learning Representations (ICLR)},
  year      = {2018}
}

@article{BenLeoCou18,
  title={Estimating or Propagating Gradients Through Stochastic Neurons for Conditional Computation},
  author={Yoshua Bengio and Nicholas Leonard and Aaron Courville},
  journal={arXiv preprint arXiv:1308.3432},
  year={2013}
}

@inproceedings{WenWuWan16,
  author    = {Wei Wen and Chunpeng Wu and Yandan Wang and Yiran Chen and Hai Li},
  title     = {Learning structured sparsity in deep neural networks},
  booktitle = {Advances in Neural Information Processing Systems (NIPS)},
  year      = {2016}
}

@inproceedings{NekMolAsh17,
  author    = {Kirill Neklyudov and Dmitry Molchanov and Arsenii Ashukha and Dmitry Vetrov},
  title     = {Structured Bayesian pruning via log-normal multiplicative noise},
  booktitle = {Advances in Neural Information Processing Systems (NIPS)},
  year      = {2017}
}

@article{GalElsHoo19,
  title={The State of Sparsity in Deep Neural Networks},
  author={Trevor Gale and Erich Elsen and Sara Hooker},
  journal={arXiv preprint arXiv:1902.09574},
  year={2019}
}


@inproceedings{phiCar17,
  author    = {George Philipp and Jaime G. Carbonell},
  title     = {Nonparametric Neural Networks},
  booktitle = {International Conference on Learning Representations (ICLR)},
  year      = {2017}
}


@inproceedings{ZhoSohLee12,
  author    = {Guanyu Zhou and Kihyuk Sohn and Honglak Lee},
  title     = {Online incremental feature learning with denoising autoencoders},
  booktitle = {International Conference on Artificial Intelligence and Statistics (AIStats)},
  pages     = {1453â€“1461},
  year      = {2012}
}

@inproceedings{ZopLe17,
  author    = {Barret Zoph and Quoc V. Le},
  title     = {Neural Architecture Search with Reinforcement Learning},
  booktitle = {International Conference on Learning Representations (ICLR)},
  year      = {2017}
}

@inproceedings{adanet17,
  title = 	 {{A}da{N}et: Adaptive Structural Learning of Artificial Neural Networks},
  author = 	 {Corinna Cortes and Xavier Gonzalvo and Vitaly Kuznetsov and Mehryar Mohri and Scott Yang},
  booktitle = {International Conference on Machine Learning (ICML)},
  year      = {2017}
}

@InProceedings{auxgenerativessl16,
  title = 	 {Auxiliary Deep Generative Models},
  author = 	 {Lars MaalÃ¸e and Casper Kaae SÃ¸nderby and SÃ¸ren Kaae SÃ¸nderby and Ole Winther},
  booktitle = 	 {International Conference on Machine Learning (ICML)},
  pages = 	 {1445--1453},
  year = 	 {2016},
}

@article{LeeKimYoo18,
  title={Adaptive Network Sparsification with Dependent Variational Beta-Bernoulli Dropout},
  author={Juho Lee and Saehoon Kim and Jaehong Yoon and Hae Beom Lee and Eunho Yang and Sung Ju Hwang},
  journal={arXiv preprint arXiv:1805.10896},
  year={2018}
}

@article{dropout14,
  author  = {Nitish Srivastava and Geoffrey Hinton and Alex Krizhevsky and Ilya Sutskever and Ruslan Salakhutdinov},
  title   = {Dropout: A Simple Way to Prevent Neural Networks from Overfitting},
  journal = {Journal of Machine Learning Research},
  year    = {2014},
  volume  = {15},
  pages   = {1929-1958}
}


@article{brain10,
  author  = {Joan Stiles and Terry L Jernigan},
  title   = {The basics of brain development},
  journal = {Neuropsychology Review},
  year    = {2010},
  volume  = {20},
  pages   = {327-348}
}

@article{vat18,
  title={Virtual adversarial training: a regularization method for supervised and semi-supervised learning},
  author={Miyato, Takeru and Maeda, Shin-ichi and Koyama, Masanori and Ishii, Shin},
  journal={IEEE transactions on pattern analysis and machine intelligence},
  volume={41},
  number={8},
  pages={1979--1993},
  year={2018},
  publisher={IEEE}
}

@article{ssl09,
  title={Semi-supervised learning},
  author={Chapelle, Olivier and Scholkopf, Bernhard and Zien, Alexander},
  journal={IEEE Transactions on Neural Networks},
  volume={20},
  number={3},
  pages={542--542},
  year={2009},
  publisher={IEEE}
}

@book{deeplearning16,
  title={Deep learning},
  author={Goodfellow, Ian and Bengio, Yoshua and Courville, Aaron and Bengio, Yoshua},
  volume={1},
  year={2016},
  publisher={MIT Press}
}

@incollection{itmlp98,
  title={Information theory and an extension of the maximum likelihood principle},
  author={Akaike, Hirotogu},
  booktitle={Selected papers of hirotugu akaike},
  pages={199--213},
  year={1998},
  publisher={Springer}
}

@article{strisim14,
  title={Striving for simplicity: The all convolutional net},
  author={Springenberg, Jost Tobias and Dosovitskiy, Alexey and Brox, Thomas and Riedmiller, Martin},
  journal={arXiv preprint arXiv:1412.6806},
  year={2014}
}

@article{imagenet64x17,
  title={A downsampled variant of imagenet as an alternative to the cifar datasets},
  author={Chrabaszcz, Patryk and Loshchilov, Ilya and Hutter, Frank},
  journal={arXiv preprint arXiv:1707.08819},
  year={2017}
}

@article{udact19,
  title={Unsupervised data augmentation for Consistency Training},
  author={Xie, Qizhe and Dai, Zihang and Hovy, Eduard and Luong, Minh-Thang and Le, Quoc V},
  journal={arXiv preprint arXiv:1904.12848},
  year={2019}
}

@article{cpcsemi19,
  title={Data-efficient image recognition with contrastive predictive coding},
  author={H{\'e}naff, Olivier J and Razavi, Ali and Doersch, Carl and Eslami, SM and Oord, Aaron van den},
  journal={arXiv preprint arXiv:1905.09272},
  year={2019}
}

@article{mixmatch19,
  title={MixMatch: A Holistic Approach to Semi-Supervised Learning},
  author={Berthelot, David and Carlini, Nicholas and Goodfellow, Ian and Papernot, Nicolas and Oliver, Avital and Raffel, Colin},
  journal={arXiv preprint arXiv:1905.02249},
  year={2019}
}

@article{sslict19,
  title={Interpolation consistency training for semi-supervised learning},
  author={Verma, Vikas and Lamb, Alex and Kannala, Juho and Bengio, Yoshua and Lopez-Paz, David},
  journal={arXiv preprint arXiv:1903.03825},
  year={2019}
}

@article{ssllabelprop02,
  title={Learning from labeled and unlabeled data with label propagation},
  author={Zhu, Xiaojin and Ghahramani, Zoubin},
  publisher={Citeseer},
  year={2002}
}

@inproceedings{advdrop18,
  title={Adversarial dropout for supervised and semi-supervised learning},
  author={Park, Sungrae and Park, JunKeon and Shin, Su-Jin and Moon, Il-Chul},
  booktitle={AAAI Conference on Artificial Intelligence},
  year={2018}
}

@inproceedings{cganulssl15,
  title	= {Unsupervised and semi-supervised learning with categorical generative adversarial networks},
  author = {Jost Tobias Springenberg},
  year = {2015},
  booktitle	= {International Conference on Learning Representations (ICLR)}
}

@inproceedings{propertiesNN14,
  title	= {Intriguing properties of neural networks},
  author = {Christian Szegedy and Wojciech Zaremba and Ilya Sutskever and Joan Bruna and Dumitru Erhan and Ian Goodfellow and Rob Fergus},
  year = {2014},
  booktitle	= {International Conference on Learning Representations (ICLR)}
}

@inproceedings{temporalensembling2017,
  author = {Samuli, Laine and Timo, Aila},
  title = {Temporal Ensembling for Semi-Supervised Learning},
  booktitle={International Conference on Learning Representations (ICLR)},
  year = {2017}
}

@inproceedings{archrobusttoadv15,
  author    = {Shixiang Gu and Luca Rigazio},
  title     = {Towards deep neural network architectures robust to adversarial examples},
  booktitle = {International Conference on Learning Representations Workshop(ICLR)},
  year      = {2015},
}

@inproceedings{advexample15,
  author    = {Ian Goodfellow and Jonathon Shlens and Christian Szegedy},
  title     = {Explaining and harnessing adversarial examples},
  booktitle = {International Conference on Learning Representations (ICLR)},
  year      = {2015},
}

@inproceedings{vat16,
  author    = {Takeru Miyato and Shinichi Maeda and Masanori Koyama and Ken Nakae and Shin Ishii},
  title     = {Distributional Smoothing by Virtual Adversarial Examples},
  booktitle = {International Conference on Learning Representations (ICLR)},
  year      = {2016},
}

@inproceedings{cganssl15,
  author    = {Jost Tobias Springenberg},
  title     = {Unsupervised and semi-supervised learning with categorical generative adversarial networks},
  booktitle = {International Conference on Learning Representations (ICLR)},
  year      = {2015},
}

@inproceedings{swa19,
  author    = {Ben Athiwaratkun, Marc Finzi, Pavel Izmailov, and Andrew Gordon Wilson},
  title     = {There are many consistent explanations of unlabeled data: Why you should average},
  booktitle = {International Conference on Learning Representations (ICLR)},
  year      = {2019},
}

@inproceedings{generativessl14,
  title={Semi-supervised learning with deep generative models},
  author={Kingma, Durk P and Mohamed, Shakir and Rezende, Danilo Jimenez and Welling, Max},
  booktitle={Advances in neural information processing systems (NeurIPS)},
  pages={3581--3589},
  year={2014}
}

@inproceedings{imprgan16,
  title={Improved techniques for training gans},
  author={Salimans, Tim and Goodfellow, Ian and Zaremba, Wojciech and Cheung, Vicki and Radford, Alec and Chen, Xi},
  booktitle={Advances in neural information processing systems (NeurIPS)},
  pages={2234--2242},
  year={2016}
}

@inproceedings{imagenet12,
  title={Imagenet classification with deep convolutional neural networks},
  author={Krizhevsky, Alex and Sutskever, Ilya and Hinton, Geoffrey E},
  booktitle={Advances in neural information processing systems (NeurIPS)},
  pages={1097--1105},
  year={2012}
}

@inproceedings{sslentmin,
  title={Semi-supervised learning by entropy minimization},
  author={Yves Grandvalet, Yoshua Bengio},
  booktitle={Advances in Neural Information Processing Systems (NeurIPS)},
  year={2004}
}

@inproceedings{evalssl18,
  title={Realistic evaluation of deep semi-supervised learning algorithms},
  author={Oliver, Avital and Odena, Augustus and Raffel, Colin A and Cubuk, Ekin Dogus and Goodfellow, Ian},
  booktitle={Advances in Neural Information Processing Systems (NeurIPS)},
  pages={3235--3246},
  year={2018}
}

@incollection{laddernetworks15,
  title = {Semi-supervised Learning with Ladder Networks},
  author = {Rasmus, Antti and Berglund, Mathias and Honkala, Mikko and Valpola, Harri and Raiko, Tapani},
  booktitle = {Advances in Neural Information Processing Systems (NeurIPS)},
  year = {2015},
}

@inproceedings{stochtranspert2016,
  title={Regularization with stochastic transformations and perturbations for deep semi-supervised learning},
  author={Sajjadi, Mehdi and Javanmardi, Mehran and Tasdizen, Tolga},
  booktitle={Advances in Neural Information Processing Systems (NeurIPS)},
  pages={1163--1171},
  year={2016}
}

@inproceedings{dropreg13,
  title	= {Dropout training as adaptive regularization},
  author = {Stefan Wager, Sida Wang and Percy S Liang},
  year = {2013},
  booktitle={Advances in Neural Information Processing Systems (NeurIPS)},
}

@inproceedings{sslgenerative14,
  title={Semi-supervised learning with deep generative models},
  author={Diederik Kingma, Shakir Mohamed, Danilo Jimenez Rezende and Max Welling},
  booktitle={Advances in Neural Information Processing Systems (NeurIPS)},
  year={2014}
}

@TECHREPORT{netinnet14,
  author = {Min Lin, Qiang Chen and Shuicheng Yan},
  title = {Network in network},
  year = {2014}
}

@inproceedings{sparserect11,
  title={Deep sparse rectifier neural networks},
  author={Chen-Yu Lee, Saining Xie, Patrick Gallagher, Zhengyou Zhang and Zhuowen Tu},
  booktitle={International Conference on Artificial Intelligence and Statistics (AISTATS)},
  year={2011}
}

@inproceedings{dlysupnet15,
  title={Deeply-supervised nets},
  author={Chen-Yu Lee, Saining Xie, Patrick Gallagher, Zhengyou Zhang and Zhuowen Tu},
  booktitle={International Conference on Artificial Intelligence and Statistics (AISTATS)},
  year={2015}
}

@InProceedings{manimixup19,
  title = {Manifold Mixup: Better Representations by Interpolating Hidden States},
  author = {Verma, Vikas and Lamb, Alex and Beckham, Christopher and Najafi, Amir and Mitliagkas, Ioannis and Lopez-Paz, David and Bengio, Yoshua},
  booktitle = {Proceedings of the 36th International Conference on Machine Learning (ICML)},
  year = {2019},
  editor = {Chaudhuri, Kamalika and Salakhutdinov, Ruslan},
  pdf = {http://proceedings.mlr.press/v97/verma19a/verma19a.pdf},
}

@inproceedings{leakyrelu13,
  title = 	 {Rectifier nonlinearities improve neural network acoustic models},
  author = 	 {Andrew Maas and Awni Hannun and Andrew Ng},
  booktitle = {International Conference on Machine Learning (ICML)},
  year      = {2013}
}

@inproceedings{relu10,
  title = 	 {Rectified linear units improve restricted boltzmann machines},
  author = 	 {Vinod Nair and Geoffrey E Hinton},
  booktitle = {International Conference on Machine Learning (ICML)},
  year      = {2011}
}

@inproceedings{batchnorm15,
  title = 	 {Batch normalization: Acceler- ating deep network training by reducing internal covariate shift},
  author = 	 {Sergey Ioffe and Christian Szegedy},
  booktitle = {International Conference on Machine Learning (ICML)},
  year      = {2015}
}

@inproceedings{weightdecay93,
  author = {Hinton, Geoffrey E. and van Camp, Drew},
  title = {Keeping the Neural Networks Simple by Minimizing the Description Length of the Weights},
  booktitle = {Proceedings of the Sixth Annual Conference on Computational Learning Theory (COLT)},
  year = {1993},
  isbn = {0-89791-611-5},
  pages = {5--13},
  numpages = {9},
  pdf = {http://doi.acm.org/10.1145/168304.168306},
  acmid = {168306},
} 

@inproceedings{lmnet18,
  title={Large margin deep networks for classification},
  author={Elsayed, Gamaleldin and Krishnan, Dilip and Mobahi, Hossein and Regan, Kevin and Bengio, Samy},
  booktitle={Advances in neural information processing systems (NeurIPS)},
  pages={842--852},
  year={2018}
}

@inproceedings{deepdefense18,
  title={Deep defense: Training dnns with improved adversarial robustness},
  author={Yan, Ziang and Guo, Yiwen and Zhang, Changshui},
  booktitle={Advances in Neural Information Processing Systems (NeurIPS)},
  pages={419--428},
  year={2018}
}

@inproceedings{meanteachers17,
  title={Mean teachers are better role models: Weight-averaged consistency targets improve semi-supervised deep learning results},
  author={Tarvainen, Antti and Valpola, Harri},
  booktitle={Advances in Neural Information Processing Systems (NeurIPS)},
  pages={1195--1204},
  year={2017}
}

@inproceedings{realtimesaliency17,
  author = {Dabkowski, Piotr and Gal, Yarin},
  title = {Real Time Image Saliency for Black Box Classifiers},
  booktitle = {Advances in Neural Information Processing Systems (NeurIPS)},
  year = {2017},
  isbn = {978-1-5108-6096-4},
  pages = {6970--6979},
  numpages = {10},
  acmid = {3295440},
}

@incollection{badganssl17,
title = {Good Semi-supervised Learning That Requires a Bad GAN},
author = {Dai, Zihang and Yang, Zhilin and Yang, Fan and Cohen, William W and Salakhutdinov, Ruslan R},
booktitle = {Advances in Neural Information Processing Systems 30},
editor = {I. Guyon and U. V. Luxburg and S. Bengio and H. Wallach and R. Fergus and S. Vishwanathan and R. Garnett},
pages = {6510--6520},
year = {2017},
}


@InProceedings{interpretpert17,
  author = {Fong, Ruth C and Vedaldi, Andrea},
  title = {Interpretable Explanations of Black Boxes by Meaningful Perturbation},
  booktitle = {The IEEE International Conference on Computer Vision (ICCV)},
  month = {Oct},
  year = {2017}
}

@inproceedings{deepcotrain18,
  title={Deep co-training for semi-supervised image recognition},
  author={Qiao, Siyuan and Shen, Wei and Zhang, Zhishuai and Wang, Bo and Yuille, Alan},
  booktitle={Proceedings of the European Conference on Computer Vision (ECCV)},
  pages={135--152},
  year={2018}
}
